<?xml version="1.0" encoding="UTF-8"?>
<record xmlns="http://www.loc.gov/MARC21/slim" xmlns:xsi="http://www.w3.org/2001/XMLSchema-instance" xsi:schemaLocation="http://www.loc.gov/MARC21/slim http://www.loc.gov/standards/marcxml/schema/MARC21slim.xsd">
<leader>     cam a2200349u  4500</leader>
<controlfield tag="001">001678359</controlfield>
<controlfield tag="003">NNU</controlfield>
<controlfield tag="005">20001218204536.0</controlfield>
<controlfield tag="008">840626m19699999iq ach   b    001 0 arax</controlfield>
<datafield tag="010" ind1=" " ind2=" ">
<subfield code="a">75961872</subfield>
</datafield>
<datafield tag="020" ind1=" " ind2=" ">
<subfield code="c">2.50 Egyptian pounds (v. 1)</subfield>
</datafield>
<datafield tag="035" ind1="9" ind2=" ">
<subfield code="a">NYUb12221745</subfield>
</datafield>
<datafield tag="035" ind1=" " ind2=" ">
<subfield code="a">(CStRLIN)NYPG84-B46768</subfield>
</datafield>
<datafield tag="040" ind1=" " ind2=" ">
<subfield code="c">NN</subfield>
<subfield code="d">NN</subfield>
</datafield>
<datafield tag="041" ind1="1" ind2=" ">
<subfield code="a">ara</subfield>
<subfield code="h">eng</subfield>
</datafield>
<datafield tag="043" ind1=" " ind2=" ">
<subfield code="a">a-iq---</subfield>
<subfield code="a">a-ir---</subfield>
</datafield>
<datafield tag="050" ind1="0" ind2=" ">
<subfield code="a">BT1405</subfield>
<subfield code="b">.D712</subfield>
</datafield>
<datafield tag="100" ind1="1" ind2=" ">
<subfield code="a">Drower, E. S.</subfield>
<subfield code="q">(Ethel Stefana),</subfield>
<subfield code="c">Lady,</subfield>
<subfield code="d">b. 1879.</subfield>
</datafield>
<datafield tag="240" ind1="1" ind2="0">
<subfield code="a">Mandaeans of Iraq and Iran.</subfield>
<subfield code="l">Arabic</subfield>
</datafield>
<datafield tag="245" ind1="1" ind2="3">
<subfield code="a">al-Ṣābiʼah al-Mandāʼīyūn,</subfield>
<subfield code="c">taʼlīf al-Laydī Drāwūr. Tarjamat Naʻīm Badawī wa-Ghaḍbān Rūmī.</subfield>
</datafield>
<datafield tag="260" ind1=" " ind2=" ">
<subfield code="a">Baghdād,</subfield>
<subfield code="b">Maktabat al-Andalus,</subfield>
<subfield code="c">1969-</subfield>
</datafield>
<datafield tag="300" ind1=" " ind2=" ">
<subfield code="a">v.</subfield>
<subfield code="b">illus., facsims., port.</subfield>
<subfield code="c">25 cm.</subfield>
</datafield>
<datafield tag="500" ind1=" " ind2=" ">
<subfield code="a">In Arabic.</subfield>
</datafield>
<datafield tag="500" ind1=" " ind2=" ">
<subfield code="a">Translation of Mandaeans of Iraq and Iran.</subfield>
</datafield>
<datafield tag="504" ind1=" " ind2=" ">
<subfield code="a">Marājiʻ (p. 392-397)</subfield>
</datafield>
<datafield tag="505" ind1=" " ind2=" ">
<subfield code="a">Qism 1. Tārīkh al-Ṣābiʼīn wa-tasmiyatuhum wa-ʻādātuhum wa-</subfield>
</datafield>
<datafield tag="505" ind1=" " ind2=" ">
<subfield code="a">taqālīduhum wa-shaʻāʼiruhum al-dīnīyah wa-lughatuhum.</subfield>
</datafield>
<datafield tag="650" ind1=" " ind2="0">
<subfield code="a">Mandaeans.</subfield>
</datafield>
<datafield tag="700" ind1="1" ind2=" ">
<subfield code="a">Badawī, Naʻīm,</subfield>
<subfield code="d">1911-</subfield>
</datafield>
<datafield tag="700" ind1="1" ind2=" ">
<subfield code="a">Nāshī, Ghaḍbān Rūmī ʻAklah,</subfield>
<subfield code="d">1905-</subfield>
</datafield>
<datafield tag="OWN" ind1=" " ind2=" ">
<subfield code="a">GENERAL</subfield>
</datafield>
<datafield tag="950" ind1=" " ind2=" ">
<subfield code="l">BMAIN</subfield>
<subfield code="a">BT1405</subfield>
<subfield code="b">.D712</subfield>
</datafield>
<datafield tag="955" ind1=" " ind2=" ">
<subfield code="l">BMAIN</subfield>
<subfield code="c">1:v.1</subfield>
<subfield code="r">028218637</subfield>
</datafield>
<datafield tag="998" ind1=" " ind2=" ">
<subfield code="s">9114</subfield>
</datafield>
<datafield tag="AVA" ind1=" " ind2=" ">
<subfield code="a">NYU50</subfield>
<subfield code="b">BOBST</subfield>
<subfield code="c">Main Collection</subfield>
<subfield code="d">BT1405 .D712</subfield>
<subfield code="e">unavailable</subfield>
<subfield code="t">Unavailable</subfield>
<subfield code="f">1</subfield>
<subfield code="g">1</subfield>
<subfield code="h">Y</subfield>
<subfield code="i">0</subfield>
<subfield code="j">MAIN</subfield>
<subfield code="k">0</subfield>
</datafield>
</record>
